<?xml version="1.0" encoding="UTF-8"?><record xmlns="http://www.loc.gov/MARC21/slim" xmlns:cinclude="http://apache.org/cocoon/include/1.0" xmlns:zs="http://www.loc.gov/zing/srw/">
  <leader>00412nz  a2200133n  4500</leader>
  <controlfield tag="001">no2005046590</controlfield>
  <controlfield tag="003">DLC</controlfield>
  <controlfield tag="005">20050518052348.0</controlfield>
  <controlfield tag="008">050517n| acannaabn          |n ana     c</controlfield>
  <datafield tag="010" ind1=" " ind2=" ">
    <subfield code="a">no2005046590</subfield>
  </datafield>
  <datafield tag="035" ind1=" " ind2=" ">
    <subfield code="a">(OCoLC)oca06636115</subfield>
  </datafield>
  <datafield tag="040" ind1=" " ind2=" ">
    <subfield code="a">CoU</subfield>
    <subfield code="b">eng</subfield>
    <subfield code="c">CoU</subfield>
  </datafield>
  <datafield tag="110" ind1="1" ind2=" ">
    <subfield code="a">Boulder (Colo.).</subfield>
    <subfield code="b">Drinking Water Program</subfield>
  </datafield>
  <datafield tag="670" ind1=" " ind2=" ">
    <subfield code="a">Protect your drinking water sources, 2002 :</subfield>
    <subfield code="b">map recto (City of Boulder Drinking Water Program)</subfield>
  </datafield>
</record>